@book{james2013introduction,
	title={An introduction to statistical learning},
	author={James, Gareth and Witten, Daniela and Hastie, Trevor and Tibshirani, Robert},
	volume={112},
	year={2013},
	publisher={Springer}
}

@book{friedman2001elements,
	title={The elements of statistical learning},
	author={Friedman, Jerome and Hastie, Trevor and Tibshirani, Robert and others},
	volume={1},
	number={10},
	year={2001},
	publisher={Springer series in statistics New York}
}

@Manual{james2017islr,
	title = {ISLR: Data for an Introduction to Statistical Learning with
	Applications in R},
	author = {Gareth James and Daniela Witten and Trevor Hastie and Rob Tibshirani},
	year = {2017},
	note = {R package version 1.2},
	url = {https://CRAN.R-project.org/package=ISLR},
}

@Manual{lumley2020leaps,
	title = {leaps: Regression Subset Selection},
	author = {Thomas Lumley based on Fortran code by Alan Miller},
	year = {2020},
	note = {R package version 3.1},
	url = {https://CRAN.R-project.org/package=leaps},
}