% ISLR Book
@book{james2013introduction,
	title={An introduction to statistical learning},
	author={James, Gareth and Witten, Daniela and Hastie, Trevor and Tibshirani, Robert},
	volume={112},
	year={2013},
	publisher={Springer}
}

% ESL Book
% Removed a "number={10}" line because BibTeX got angry. Add it back in if needed.
@book{friedman2001elements,
	title={The elements of statistical learning},
	author={Friedman, Jerome and Hastie, Trevor and Tibshirani, Robert and others},
	volume={1},
	year={2001},
	publisher={Springer series in statistics New York}
}

% Econometric Analysis
@book{greene2003econometric,
	title={Econometric analysis},
	author={Greene, William H},
	year={2003},
	publisher={Pearson Education India}
}

% LASSO Article
@article{tibshirani1996regression,
	title={Regression shrinkage and selection via the lasso},
	author={Tibshirani, Robert},
	journal={Journal of the Royal Statistical Society: Series B (Methodological)},
	volume={58},
	number={1},
	pages={267--288},
	year={1996},
	publisher={Wiley Online Library}
}

% SCAD Article
@article{fan2001variable,
	title={Variable selection via nonconcave penalized likelihood and its oracle properties},
	author={Fan, Jianqing and Li, Runze},
	journal={Journal of the American statistical Association},
	volume={96},
	number={456},
	pages={1348--1360},
	year={2001},
	publisher={Taylor \& Francis}
}

% SCAD Formula
@article{wang2007group,
	title={Group SCAD regression analysis for microarray time course gene expression data},
	author={Wang, Lifeng and Chen, Guang and Li, Hongzhe},
	journal={Bioinformatics},
	volume={23},
	number={12},
	pages={1486--1494},
	year={2007},
	publisher={Oxford University Press}
}

% MCP Article
@article{zhang2010nearly,
	title={Nearly unbiased variable selection under minimax concave penalty},
	author={Cun-Hui Zhang},
	journal={The Annals of statistics},
	volume={38},
	number={2},
	pages={894--942},
	year={2010},
	publisher={Institute of Mathematical Statistics}
}

% Ridge article
@article{hoerl1970ridge,
	title={Ridge regression: Biased estimation for nonorthogonal problems},
	author={Hoerl, Arthur E and Kennard, Robert W},
	journal={Technometrics},
	volume={12},
	number={1},
	pages={55--67},
	year={1970},
	publisher={Taylor \& Francis Group}
}

% Lasso ppt
@Misc{breheny2016lasso,
	title={Adaptive lasso, MCP, and SCAD},
	author={Breheny},
	year={2016},
	howpublished = {\textsc{url:}~\url{https://myweb.uiowa.edu/pbreheny/7600/s16/notes/2-29.pdf}}
}

% Enet article
@article{zou2005regularization,
	title={Regularization and variable selection via the elastic net},
	author={Zou, Hui and Hastie, Trevor},
	journal={Journal of the royal statistical society: series B (statistical methodology)},
	volume={67},
	number={2},
	pages={301--320},
	year={2005},
	publisher={Wiley Online Library}
}

% Adaptive lasso article
@article{zou2006adaptive,
	title={The adaptive lasso and its oracle properties},
	author={Zou, Hui},
	journal={Journal of the American statistical association},
	volume={101},
	number={476},
	pages={1418--1429},
	year={2006},
	publisher={Taylor \& Francis}
}

% Logsum + L2 article
@article{liu2020logsum,
	title={LogSum+ L 2 penalized logistic regression model for biomarker selection and cancer classification},
	author={Liu, Xiao-Ying and Wu, Sheng-Bing and Zeng, Wen-Quan and Yuan, Zhan-Jiang and Xu, Hong-Bo},
	journal={Scientific Reports},
	volume={10},
	number={1},
	pages={1--16},
	year={2020},
	publisher={Nature Publishing Group}
}

% Introduction to variable and feature selection
@article{guyon2003introduction,
	title={An introduction to variable and feature selection},
	author={Guyon, Isabelle and Elisseeff, Andr{\'e}},
	journal={Journal of machine learning research},
	volume={3},
	number={Mar},
	pages={1157--1182},
	year={2003}
}

% Uses of lasso in genomic data
@article{usai2009lasso,
	title={LASSO with cross-validation for genomic selection},
	author={Usai, M Graziano and Goddard, Mike E and Hayes, Ben J},
	journal={Genetics research},
	volume={91},
	number={6},
	pages={427--436},
	year={2009},
	publisher={Cambridge University Press}
}

% ...
@article{li2012overview,
	title={Overview of LASSO-related penalized regression methods for quantitative trait mapping and genomic selection},
	author={Li, Zitong and Sillanp{\"a}{\"a}, Mikko J},
	journal={Theoretical and applied genetics},
	volume={125},
	number={3},
	pages={419--435},
	year={2012},
	publisher={Springer}
}

% Subset selection
@book{miller2002subset,
	title={Subset selection in regression},
	author={Miller, Alan},
	year={2002},
	publisher={CRC Press}
}

% Original bootstrap book
@book{efron1994introduction,
	title={An introduction to the bootstrap},
	author={Efron, Bradley and Tibshirani, Robert J},
	year={1994},
	publisher={CRC press}
}

% Original bagging article
@article{breiman1996bagging,
	title={Bagging predictors},
	author={Breiman, Leo},
	journal={Machine learning},
	volume={24},
	number={2},
	pages={123--140},
	year={1996},
	publisher={Springer}
}

% Original boosting article
@article{schapire1990strength,
	title={The strength of weak learnability},
	author={Schapire, Robert E},
	journal={Machine learning},
	volume={5},
	number={2},
	pages={197--227},
	year={1990},
	publisher={Springer}
}

% Gradient boosting
@article{friedman2001greedy,
	title={Greedy function approximation: a gradient boosting machine},
	author={Friedman, Jerome H},
	journal={Annals of statistics},
	pages={1189--1232},
	year={2001},
	publisher={JSTOR}
}

% XGBoost
@inproceedings{chen2016xgboost,
	title={Xgboost: A scalable tree boosting system},
	author={Chen, Tianqi and Guestrin, Carlos},
	booktitle={Proceedings of the 22nd acm sigkdd international conference on knowledge discovery and data mining},
	pages={785--794},
	year={2016}
}


% Original random forest article
@article{breiman2001random,
	title={Random forests},
	author={Breiman, Leo},
	journal={Machine learning},
	volume={45},
	number={1},
	pages={5--32},
	year={2001},
	publisher={Springer}
}


% Random forest variable selection articles
@article{capitaine2021random,
	title={Random forests for high-dimensional longitudinal data},
	author={Capitaine, Louis and Genuer, Robin and Thi{\'e}baut, Rodolphe},
	journal={Statistical Methods in Medical Research},
	volume={30},
	number={1},
	pages={166--184},
	year={2021},
	publisher={SAGE Publications Sage UK: London, England}
}

@article{degenhardt2019evaluation,
	title={Evaluation of variable selection methods for random forests and omics data sets},
	author={Degenhardt, Frauke and Seifert, Stephan and Szymczak, Silke},
	journal={Briefings in bioinformatics},
	volume={20},
	number={2},
	pages={492--503},
	year={2019},
	publisher={Oxford University Press}
}

@article{zhang2016variable,
	title={Variable selection for support vector machines in moderately high dimensions},
	author={Zhang, Xiang and Wu, Yichao and Wang, Lan and Li, Runze},
	journal={Journal of the Royal Statistical Society. Series B, Statistical methodology},
	volume={78},
	number={1},
	pages={53},
	year={2016},
	publisher={NIH Public Access}
}

% SVM article
@article{cortes1995support,
	title={Support-vector networks},
	author={Cortes, Corinna and Vapnik, Vladimir},
	journal={Machine learning},
	volume={20},
	number={3},
	pages={273--297},
	year={1995},
	publisher={Springer}
}

% SVM regression article
@article{drucker1997support,
	title={Support vector regression machines},
	author={Drucker, Harris and Burges, Chris JC and Kaufman, Linda and Smola, Alex and Vapnik, Vladimir and others},
	journal={Advances in neural information processing systems},
	volume={9},
	pages={155--161},
	year={1997},
	publisher={Morgan Kaufmann Publishers}
}

% Oracle article
@article{donoho1994ideal,
	title={Ideal spatial adaptation by wavelet shrinkage},
	author={Donoho, David L and Johnstone, Jain M},
	journal={biometrika},
	volume={81},
	number={3},
	pages={425--455},
	year={1994},
	publisher={Oxford University Press}
}

% Filter methods
@inproceedings{sanchez2007filter,
	title={Filter methods for feature selection--a comparative study},
	author={S{\'a}nchez-Maro{\~n}o, Noelia and Alonso-Betanzos, Amparo and Tombilla-Sanrom{\'a}n, Mar{\'\i}a},
	booktitle={International Conference on Intelligent Data Engineering and Automated Learning},
	pages={178--187},
	year={2007},
	organization={Springer}
}

% Filter methods 2
@article{ding2005minimum,
	title={Minimum redundancy feature selection from microarray gene expression data},
	author={Ding, Chris and Peng, Hanchuan},
	journal={Journal of bioinformatics and computational biology},
	volume={3},
	number={02},
	pages={185--205},
	year={2005},
	publisher={World Scientific}
}

% AIC
@incollection{akaike1998information,
	title={Information theory and an extension of the maximum likelihood principle},
	author={Akaike, Hirotogu},
	booktitle={Selected papers of hirotugu akaike},
	pages={199--213},
	year={1998},
	publisher={Springer}
}

% BIC
@article{schwarz1978estimating,
	title={Estimating the dimension of a model},
	author={Schwarz, Gideon},
	journal={The annals of statistics},
	pages={461--464},
	year={1978},
	publisher={JSTOR}
}


%
%	PACKAGES
%

% ISLR Package
% currently unused
@article{james2017islr,
	title={ISLR: Data for an Introduction to Statistical Learning with Applications in R},
	author={James, Gareth and Witten, Daniela and Hastie, Trevor and Tibshirani, Rob},
	journal={R package version},
	volume={1},
	year={2017}
}

% LEAPS Package
% currently unused
@Manual{lumley2020leaps,
	title = {leaps: Regression Subset Selection},
	author = {Thomas Lumley based on Fortran code by Alan Miller},
	year = {2020},
	note = {R package version 3.1},
	url = {https://CRAN.R-project.org/package=leaps},
}

% R
@Manual{r,
	title = {R: A Language and Environment for Statistical Computing},
	author = {{R Core Team}},
	organization = {R Foundation for Statistical Computing},
	address = {Vienna, Austria},
	year = {2021},
	url = {https://www.R-project.org/},
}

% MASS
@Book{venables2002mass,
	title = {Modern Applied Statistics with S},
	author = {W. N. Venables and B. D. Ripley},
	publisher = {Springer},
	edition = {Fourth},
	address = {New York},
	year = {2002},
	note = {ISBN 0-387-95457-0},
	url = {https://www.stats.ox.ac.uk/pub/MASS4/},
}

% glmnet
@article{friedman2010regularization,
	title={Regularization paths for generalized linear models via coordinate descent},
	author={Friedman, Jerome and Hastie, Trevor and Tibshirani, Rob},
	journal={Journal of statistical software},
	volume={33},
	number={1},
	pages={1},
	year={2010},
	publisher={NIH Public Access}
}

% ncvreg
@Article{breheny2011ncvreg,
	author = {Patrick Breheny and Jian Huang},
	title = {Coordinate descent algorithms for nonconvex penalized regression,
	with applications to biological feature selection},
	journal = {Annals of Applied Statistics},
	year = {2011},
	volume = {5},
	pages = {232--253},
	number = {1},
}

% xgboost
@Manual{chen2021xgboost,
	title = {xgboost: Extreme Gradient Boosting},
	author = {Tianqi Chen and Tong He and Michael Benesty and Vadim Khotilovich and Yuan Tang and Hyunsu Cho and Kailong Chen and Rory Mitchell and Ignacio Cano and Tianyi Zhou and Mu Li and Junyuan Xie and Min Lin and Yifeng Geng and Yutian Li},
	year = {2021},
	note = {R package version 1.4.1.1},
	url = {https://CRAN.R-project.org/package=xgboost},
}

% ranger
@Article{wright2017ranger,
	title = {{ranger}: A Fast Implementation of Random Forests for High Dimensional Data in {C++} and {R}},
	author = {Marvin N. Wright and Andreas Ziegler},
	journal = {Journal of Statistical Software},
	year = {2017},
	volume = {77},
	number = {1},
	pages = {1--17},
	doi = {10.18637/jss.v077.i01},
}

% randomForest
@Article{liaw2002rf,
	title = {Classification and Regression by randomForest},
	author = {Andy Liaw and Matthew Wiener},
	journal = {R News},
	year = {2002},
	volume = {2},
	number = {3},
	pages = {18-22},
	url = {https://CRAN.R-project.org/doc/Rnews/},
}

% e1071
@Manual{meyer2021e1071,
	title = {e1071: Misc Functions of the Department of Statistics, Probability
	Theory Group (Formerly: E1071), TU Wien},
	author = {David Meyer and Evgenia Dimitriadou and Kurt Hornik and Andreas Weingessel and Friedrich Leisch},
	year = {2021},
	note = {R package version 1.7-7},
	url = {https://CRAN.R-project.org/package=e1071},
}

% Biglasso
@Article{zeng2017biglasso,
	author = {Yaohui Zeng and Patrick Breheny},
	title = {The biglasso Package: A Memory- and Computation-Efficient Solver for Lasso Model Fitting with Big Data in R},
	journal = {ArXiv e-prints},
	eprint = {1701.05936},
	year = {2017},
	url = {https://arxiv.org/abs/1701.05936},
}

% BRCA1 gene articles
@article{kuchenbaecker2017risks,
	title={Risks of breast, ovarian, and contralateral breast cancer for BRCA1 and BRCA2 mutation carriers},
	author={Kuchenbaecker, Karoline B and Hopper, John L and Barnes, Daniel R and Phillips, Kelly-Anne and Mooij, Thea M and Roos-Blom, Marie-Jos{\'e} and Jervis, Sarah and Van Leeuwen, Flora E and Milne, Roger L and Andrieu, Nadine and others},
	journal={Jama},
	volume={317},
	number={23},
	pages={2402--2416},
	year={2017},
	publisher={American Medical Association}
}

@article{antoniou2003average,
	title={Average risks of breast and ovarian cancer associated with BRCA1 or BRCA2 mutations detected in case series unselected for family history: a combined analysis of 22 studies},
	author={Antoniou, Anthony and Pharoah, Paul DP and Narod, Steven and Risch, Harvey A and Eyfjord, Jorunn E and Hopper, John L and Loman, Niklas and Olsson, H{\aa}kan and Johannsson, O and Borg, {\AA}ke and others},
	journal={The American Journal of Human Genetics},
	volume={72},
	number={5},
	pages={1117--1130},
	year={2003},
	publisher={Elsevier}
}

@article{deng2000roles,
	title={Roles of BRCA1 and its interacting proteins},
	author={Deng, Chu-Xia and Brodie, Steven G},
	journal={Bioessays},
	volume={22},
	number={8},
	pages={728--737},
	year={2000},
	publisher={Wiley Online Library}
}

% Popularity of XGBoost
@article{nielsen2016tree,
	title={Tree boosting with xgboost-why does xgboost win ``every" machine learning competition?},
	author={Nielsen, Didrik},
	year={2016},
	school={NTNU}
	}

% NBR2
@article{xiao2016nbr2,
	title={NBR2: a former junk gene emerges as a key player in tumor suppression},
	author={Xiao, Zhen-Dong and Liu, Xiaowen and Zhuang, Li and Gan, Boyi},
	journal={Molecular \& cellular oncology},
	volume={3},
	number={4},
	pages={e1187322},
	year={2016},
	publisher={Taylor \& Francis}
}

% DTL
@article{kobayashi2015overexpression,
	title={Overexpression of denticleless E3 ubiquitin protein ligase homolog (DTL) is related to poor outcome in gastric carcinoma},
	author={Kobayashi, Hiroki and Komatsu, Shuhei and Ichikawa, Daisuke and Kawaguchi, Tsutomu and Hirajima, Shoji and Miyamae, Mahito and Okajima, Wataru and Ohashi, Takuma and Kosuga, Toshiyuki and Konishi, Hirotaka and others},
	journal={Oncotarget},
	volume={6},
	number={34},
	pages={36615},
	year={2015},
	publisher={Impact Journals, LLC}
}

% VPS25
@article{vaccari2005drosophila,
	title={The Drosophila tumor suppressor vps25 prevents nonautonomous overproliferation by regulating notch trafficking},
	author={Vaccari, Thomas and Bilder, David},
	journal={Developmental cell},
	volume={9},
	number={5},
	pages={687--698},
	year={2005},
	publisher={Elsevier}
}

% CMTM5
@article{shao2007cmtm5,
	title={CMTM5 exhibits tumor suppressor activities and is frequently silenced by methylation in carcinoma cell lines},
	author={Shao, Luning and Cui, Yan and Li, Hongyu and Liu, Yanan and Zhao, Hongshan and Wang, Yu and Zhang, Yingmei and Ng, Ka Man and Han, Wenling and Ma, Dalong and others},
	journal={Clinical cancer research},
	volume={13},
	number={19},
	pages={5756--5762},
	year={2007},
	publisher={AACR}
}

% Other simulation studies
@article{breheny2011coordinate,
	title={Coordinate descent algorithms for nonconvex penalized regression, with applications to biological feature selection},
	author={Breheny, Patrick and Huang, Jian},
	journal={The annals of applied statistics},
	volume={5},
	number={1},
	pages={232},
	year={2011},
	publisher={NIH Public Access}
}