% ISLR Book
@book{james2013introduction,
	title={An introduction to statistical learning},
	author={James, Gareth and Witten, Daniela and Hastie, Trevor and Tibshirani, Robert},
	volume={112},
	year={2013},
	publisher={Springer}
}

% ESL Book
% Removed a "number={10}" line because BibTeX got angry. Add it back in if needed.
@book{friedman2001elements,
	title={The elements of statistical learning},
	author={Friedman, Jerome and Hastie, Trevor and Tibshirani, Robert and others},
	volume={1},
	year={2001},
	publisher={Springer series in statistics New York}
}

% ISLR Package
@Manual{james2017islr,
	title = {ISLR: Data for an Introduction to Statistical Learning with
	Applications in R},
	author = {Gareth James and Daniela Witten and Trevor Hastie and Rob Tibshirani},
	year = {2017},
	note = {R package version 1.2},
	url = {https://CRAN.R-project.org/package=ISLR},
}

% LEAPS Package
@Manual{lumley2020leaps,
	title = {leaps: Regression Subset Selection},
	author = {Thomas Lumley based on Fortran code by Alan Miller},
	year = {2020},
	note = {R package version 3.1},
	url = {https://CRAN.R-project.org/package=leaps},
}

% LASSO Article
@article{tibshirani1996regression,
	title={Regression shrinkage and selection via the lasso},
	author={Tibshirani, Robert},
	journal={Journal of the Royal Statistical Society: Series B (Methodological)},
	volume={58},
	number={1},
	pages={267--288},
	year={1996},
	publisher={Wiley Online Library}
}

% SCAD Article
@article{fan2001variable,
	title={Variable selection via nonconcave penalized likelihood and its oracle properties},
	author={Fan, Jianqing and Li, Runze},
	journal={Journal of the American statistical Association},
	volume={96},
	number={456},
	pages={1348--1360},
	year={2001},
	publisher={Taylor \& Francis}
}

% MCP Article
@article{zhang2010nearly,
	title={Nearly unbiased variable selection under minimax concave penalty},
	author={Zhang, Cun-Hui and others},
	journal={The Annals of statistics},
	volume={38},
	number={2},
	pages={894--942},
	year={2010},
	publisher={Institute of Mathematical Statistics}
}

% Ridge article
@article{hoerl1970ridge,
	title={Ridge regression: Biased estimation for nonorthogonal problems},
	author={Hoerl, Arthur E and Kennard, Robert W},
	journal={Technometrics},
	volume={12},
	number={1},
	pages={55--67},
	year={1970},
	publisher={Taylor \& Francis Group}
}

% Adaptive article
@Misc{breheny2016lasso,
	title={Adaptive lasso, MCP, and SCAD},
	author={Breheny},
	year={2016},
	howpublished = {\textsc{url:}~\url{https://myweb.uiowa.edu/pbreheny/7600/s16/notes/2-29.pdf}}
}

% Enet article
@article{zou2005regularization,
	title={Regularization and variable selection via the elastic net},
	author={Zou, Hui and Hastie, Trevor},
	journal={Journal of the royal statistical society: series B (statistical methodology)},
	volume={67},
	number={2},
	pages={301--320},
	year={2005},
	publisher={Wiley Online Library}
}

% Adaptive lasso article
@article{zou2006adaptive,
	title={The adaptive lasso and its oracle properties},
	author={Zou, Hui},
	journal={Journal of the American statistical association},
	volume={101},
	number={476},
	pages={1418--1429},
	year={2006},
	publisher={Taylor \& Francis}
}

% Logsum + L2 article
@article{liu2020logsum,
	title={LogSum+ L 2 penalized logistic regression model for biomarker selection and cancer classification},
	author={Liu, Xiao-Ying and Wu, Sheng-Bing and Zeng, Wen-Quan and Yuan, Zhan-Jiang and Xu, Hong-Bo},
	journal={Scientific Reports},
	volume={10},
	number={1},
	pages={1--16},
	year={2020},
	publisher={Nature Publishing Group}
}

% Boosting article
@article{buehlmann2006boosting,
	title={Boosting for high-dimensional linear models},
	author={Buehlmann, Peter and others},
	journal={The Annals of Statistics},
	volume={34},
	number={2},
	pages={559--583},
	year={2006},
	publisher={Institute of Mathematical Statistics}
}

% Random forest article
@article{genuer2008random,
	title={Random Forests: some methodological insights},
	author={Genuer, Robin and Poggi, Jean-Michel and Tuleau, Christine},
	journal={arXiv preprint arXiv:0811.3619},
	year={2008}
}

% Random forest article
@article{capitaine2021random,
	title={Random forests for high-dimensional longitudinal data},
	author={Capitaine, Louis and Genuer, Robin and Thi{\'e}baut, Rodolphe},
	journal={Statistical Methods in Medical Research},
	volume={30},
	number={1},
	pages={166--184},
	year={2021},
	publisher={SAGE Publications Sage UK: London, England}
}